<record><leader>00000cas a2200000 a 4500</leader><controlfield tag="001">32064677</controlfield><controlfield tag="008">950228c19279999azuwr ne      0   a0eng d</controlfield><datafield ind1=" " ind2=" " tag="010"><subfield code="a">sn 95060773 </subfield></datafield><datafield ind1=" " ind2=" " tag="040"><subfield code="a">ANN</subfield><subfield code="b">eng</subfield><subfield code="c">ANN</subfield><subfield code="d">OCLCQ</subfield><subfield code="d">NSD</subfield><subfield code="d">OCLCQ</subfield><subfield code="d">OCLCF</subfield><subfield code="d">OCLCO</subfield></datafield><datafield ind1=" " ind2=" " tag="012"><subfield code="l">1</subfield></datafield><datafield ind1="1" ind2=" " tag="022"><subfield code="a">1546-2846</subfield><subfield code="l">1546-2846</subfield><subfield code="2">1</subfield></datafield><datafield ind1="1" ind2=" " tag="029"><subfield code="a">AU@</subfield><subfield code="b">000011579416</subfield></datafield><datafield ind1=" " ind2=" " tag="037"><subfield code="b">Ajo Copper News, 10 Pajaro, Ajo, AZ 85321</subfield></datafield><datafield ind1=" " ind2=" " tag="042"><subfield code="a">msc</subfield><subfield code="a">nsdp</subfield></datafield><datafield ind1=" " ind2=" " tag="043"><subfield code="a">n-us-az</subfield></datafield><datafield ind1="1" ind2="0" tag="050"><subfield code="a">ISSN RECORD</subfield></datafield><datafield ind1="0" ind2=" " tag="130"><subfield code="a">Ajo copper news (Ajo, Ariz. : 1927)</subfield></datafield><datafield ind1=" " ind2="0" tag="222"><subfield code="a">Ajo copper news</subfield><subfield code="b">(Ajo, Ariz., 1927)</subfield></datafield><datafield ind1="1" ind2="0" tag="245"><subfield code="a">Ajo copper news.</subfield></datafield><datafield ind1=" " ind2=" " tag="260"><subfield code="a">Ajo, Pima County, Ariz. :</subfield><subfield code="b">R. White,</subfield><subfield code="c">1927-</subfield></datafield><datafield ind1=" " ind2=" " tag="300"><subfield code="a">v. :</subfield><subfield code="b">ill.</subfield></datafield><datafield ind1=" " ind2=" " tag="310"><subfield code="a">Weekly</subfield></datafield><datafield ind1="0" ind2=" " tag="362"><subfield code="a">Vol. 12, no. 17 (Aug. 13, 1927)-</subfield></datafield><datafield ind1=" " ind2="0" tag="651"><subfield code="a">Ajo (Ariz.)</subfield><subfield code="v">Newspapers.</subfield></datafield><datafield ind1=" " ind2="0" tag="651"><subfield code="a">Pima County (Ariz.)</subfield><subfield code="v">Newspapers.</subfield></datafield><datafield ind1=" " ind2="7" tag="655"><subfield code="a">Newspapers.</subfield><subfield code="2">fast</subfield><subfield code="0">(OCoLC)fst01423814</subfield></datafield><datafield ind1=" " ind2="7" tag="651"><subfield code="a">Arizona</subfield><subfield code="z">Ajo.</subfield><subfield code="2">fast</subfield><subfield code="0">(OCoLC)fst01207460</subfield></datafield><datafield ind1=" " ind2="7" tag="651"><subfield code="a">Arizona</subfield><subfield code="z">Pima County.</subfield><subfield code="2">fast</subfield><subfield code="0">(OCoLC)fst01205717</subfield></datafield><datafield ind1=" " ind2=" " tag="752"><subfield code="a">United States</subfield><subfield code="b">Arizona</subfield><subfield code="c">Pima</subfield><subfield code="d">Ajo.</subfield></datafield><datafield ind1="0" ind2="0" tag="780"><subfield code="t">Copper news (Ajo, Ariz.)</subfield><subfield code="w">(DLC)sn 95060772</subfield></datafield><datafield ind1="4" ind2=" " tag="856"><subfield code="u">http://www.cunews.info</subfield></datafield></record>